
@book{perron1913lehre,
  title={Die Lehre von den Kettenbr{\"u}chen},
  author={Perron, O.},
  number={Bd. 1-2},
  lccn={13017363},
  series={B.G. Teubners Sammlung von Lehrb{\"u}chern auf dem Gebiete der mathematischen Wissenschaften mit Einschluss ihrer Anwendungen},
  url={http://books.google.at/books?id=Yjs4AAAAMAAJ},
  year={1913},
  publisher={B.G. Teubner}
}

@book{mumford2002indra,
  title={Indra's Pearls: The Vision of Felix Klein},
  author={Mumford, D. and Series, C. and Wright, D.},
  isbn={9780521352536},
  lccn={2002510876},
  series={Indra's Pearls: The Vision of Felix Klein},
  url={http://books.google.at/books?id=kC5kdUirHHoC},
  year={2002},
  publisher={Cambridge University Press}
}
